% This file was created with JabRef 2.9.
% Encoding: UTF-8
@MISC{wiki,
  title = {Organisme génétiquement modifié},
  howpublished = {\url{https://fr.wikipedia.org/wiki/Organisme\_g\%C3\%A9n\%C3\%A9tiquement\_modifi\%C3\%A9}},
  month = {janvier},
  year = {2013},
  owner = {simon},
  quality = {1},
  timestamp = {2013.01.02}
}